@book{benthem2009logica,
  title={Logica in actie},
  author={{van Benthem}, Johan and {van Ditmarsch}, Hans and {van Eijck}, Jan},
  year={2009},
  publisher={Den Haag Academic Service}
}

@book{beschrijvenBewijzen,
  author = {H. Zantema and P.W.H. Lemmens},
  title = {Beschrijven en Bewijzen},
  publisher = {Delft University Press},
  year = {1999}
}

@online{redenerenLogica,
  author = {Tomas Klos},
  title = {Redeneren en Logica},
  year = {2016},
  month = {2},
  note = {TU Delft openCourseWare},
  url = {https://ocw.tudelft.nl/courses/redeneren-en-logica/},
  urldate = {2018-05-09}
}

@book{logicomix,
  author = {Apostolos Doxiadis and Christos H. Papadimitriou},
  title = {Logicomix -- An Epic Search for Truth},
  publisher = {Bloomsbury Publishing, London},
  year = {2009}
}

@book{adams,
  author = {Douglas Adams},
  title = {Hitchhiker's Guide to the Galaxy},
  year = {1979},
  publisher = {Pan Books}
}

@book{bradburry,
  author = {Ray Bradburry},
  title = {A Sound of Thunder},
  year = {1952},
  publisher = {Collier's}
}

@online{fatalBugs,
  author = {Bart Veldstra},
  title = {Overzicht van de ergste bugs in de geschiedenis},
  year = {2005},
  url = {https://tweakers.net/nieuws/39807/overzicht-van-de-ergste-bugs-in-de-geschiedenis.html},
  urldate = {2018-06-01}
}

@book{frege:begriffschrift,
  author = {Gottlob Frege},
  title = {Begriffschrift: eine der arithmetischen nachgebildete Formelsprache des reinen Denkens},
  year = {1879},
  publisher = {Halle}
}

@book{russel:principia:1,
  author = {Bertrand Russel},
  title = {Principia Mathematica},
  year = {1910},
  publisher = {Cambridge University Press},
  volume = {1}
}

@book{russel:principia:2,
  author = {Bertrand Russel},
  title = {Principia Mathematica},
  year = {1912},
  publisher = {Cambridge University Press},
  volume = {2}
}

@book{russel:principia:3,
  author = {Bertrand Russel},
  title = {Principia Mathematica},
  year = {1913},
  publisher = {Cambridge University Press},
  volume = {3}
}

@book{demorgan,
  title = {Formal Logic or The Calculus of Inference, Necessary and Probable},
  author = {Augustus {de Morgan}},
  year = {1847},
  publisher = {Taylor \& Walton}
}

@book{parvulae,
  author = {Albert Visser and Piet Lemmens and Vincent van Oostrom},
  title = {Parvulae Logicales},
  year = {2010},
  publisher = {Universiteit Utrecht}
}

@article{wauwelwok,
  title = {De Wauwelwok},
  author = {Alfred Kossmann and C. Reedijk},
  year = {1947}
}

@book{carroll,
  title = {Through the Looking Glass},
  author = {Lewis Carroll},
  year = {1871}
}

@book{book_key,
	address = {City},
	publisher = {Publisher},
	author = {Smith, John},
	title = {Book title},
	year = {2012},
	volume = {3},
	series = {2},
	edition = {1},
	pages = {123--200},
	month = {1}
}

@article{article_key,
	address = {City},
	publisher = {Publisher},
	author = {Smith, James},
	title = {Article title},
	year = {2013},
	volume = {14},
	number = {6},
	pages = {1--8},
	month = {3}
}

@book{eijkhout2016,
    author = {Victor Eijkhout and Edmond Chow and Robert van de Geijn},
    title = {Introduction to High Performance Scientific Computing},
    year = {2016},
    url = {http://pages.tacc.utexas.edu/~eijkhout/istc/istc.html}
}

@book{eijkhout2017,
    author = {Victor Eijkhout},
    title = {Parallel Programming for Science and Engineering},
    year = {2017},
    url = {http://pages.tacc.utexas.edu/~eijkhout/istc/istc.html}
}

@book{Karbo:book,
  title = {{PC} architecture},
  author = {Michael Karbo},
  url = {http://www.karbosguide.com/books/pcarchitecture/chapter00.htm},
  year = {2005}
}

@book{HennessyPatterson,
  title = {Computer Architecture -- A Quantitive Approach},
  author = {John L. Hennessy and David A. Patterson},
  publisher = {Morgan Kaufman Publishers},
  edition = {3rd edition},
  year = {2003}
}

@article{EWD:EWD117,
  title = {Programming considered as a human activity},
  author = {Edsger W. Dijkstra},
  journal = {Classics in software engineering},
  pages = {1-9},
  publisher = {Yourdon Press},
  year = {1979}
}

@article{Wulf:memory-wall,
  title = {Hitting the memory wall: implications of the obvious},
  author = {Wm. A. Wulf and Sally A. McKee},
  journal = {SIGARCH Comput. Archit. News},
  volume = {23},
  number = {1},
  pages = {20--24},
  year = {1995}
}

@techreport{Burks:discussion,
  title = {Preliminary discussion of the logical design of an electronic computing instrument},
  author = {A. W. Burks and H. H. Goldstine and J. von Neumann},
  institute = {Harvard},
  year = {1946},
}

@article{Guttman:prefetchKNC,
  author = {Diana Guttman and Meenakshi Arunachalam and Vlad Calina and Mahmut~Taylan Kandemir},
  title = {Prefetch tuning optimizations},
  editor = {James Reinders and Jim Jeffers},
  journal = {High Performance Pearls},
  volume = {2},
  pages = {401--419},
  publisher = {Morgan},
  year = {2015}
}

@article{Little:law,
  author = {J. D. C. Little},
  title = {A proof of the queueing formula {$L=\lambda W$}},
  journal = {Operations Research},
  pages = {383--387},
  year = {1961}
}

@article{Olukotun:1996:single-chip,
  title = {The case for a single-chip multiprocessor},
  author = {Kunle Olukotun and Basem A. Nayfeh and Lance Hammond and Ken Wilson and Kunyung Chang},
  journal = {SIGOPS Oper. Syst. Rev.},
  volume = {30},
  number = {5},
  pages = {2--11},
  year = {1996}
}

@article{Bohr:30yearDennard,
  title = {A 30 year retrospective on {Dennard}'s {MOSFET} scaling paper},
  author = {Mark Bohr},
  journal = {Solid-State Circuits Newsletter},
  publisher = {IEEE},
  volume = {12},
  number = {1},
  pages = {11-13},
  year = {2007}
}

@article{Dennard:scaling,
  title = {Design of ion-implanted mosfet's with very small physical dimensions},
  author = {R.H. Dennard and F.H. Gaensslen and V.L. Rideout and E. Bassous and A.R. LeBlanc},
  journal = {Solid-State Circuits},
  publisher = {IEEE},
  volume = {9},
  number = {5},
  pages = {256--268},
  year = {1974}
}

@article{Bohr:ISSCC2009,
  author = {Mark Bohr},
  title = {The new era of scaling in an soc world},
  journal = {ISSCC},
  pages = {23--28},
  year = {2008}
}

@article{Chandrakasa:transformations,
  title = {Optimizing power using transformations},
  author = {A.P. Chandrakasan and R. Mehra and M. Potkonjak and J. Rabaey and R.W. Brodersen},
  journal = {IEEE Transaction on Computer Aided Design of Integrated Circuits and Systems},
  pages = {13--32},
  year = {1995}
}

@article{He:surveyparallel,
  title = {A survey of paralel algorithms in numerical linear algebra},
  author = {Don Heller},
  journal = {SIAM Review},
  volume = {20},
  pages = {740--777},
  year = {1978}
}

@incollection{amd:law,
  title = {The validity of the single processor approach to achieving large scale computing capabilities},
  author = {G. Amdahl},
  booktitle = {Proceedings of the AFIPS Computing Conference},
  volume = {30},
  pages = {483--483},
  year = {1967}
}

@book{Landau:comp-phys,
  title = {A Survey of Computation Physics},
  author = {Rubin H. Landau and Manual Jos\'e P\'aez and Cristian C. Bordeianu},
  publisher = {Princeton University Press},
  year = {2008}
}

@article{Grama:1993:isoefficiency,
  title = {Isoefficiency: Measuring the scalability of parallel algorithms and architectures},
  author = {Ananth Y. Grama and Anshul Gupta and Vipin Kumar},
  journal = {IEEE Parallel Distrib. Technol.},
  volume = {1},
  number = {3},
  pages = {12--21},
  year = {1993}
}

@article{Herlihy:1999:topological,
  title = {The topological structure of asynchronous computability},
  author = {Maurice Herlihy and Nir Shavit},
  journal = {J. ACM},
  volume = {46},
  number = {6},
  pages = {858--923},
  year = {1999}
}

@book{Hoare:CSP,
  title = {Communicating Sequential Processes},
  author = {C.A.R. Hoare},
  publisher = {Prentice Hall},
  isbn = {978-0131532717},
  year = {1985}
}

@article{flynn:taxonomy,
  title = {Some computer organizations and their effectiveness},
  author = {M. Flynn},
  journal = {IEEE Trans. Comp.},
  volume = {21},
  pages = {948},
  year = {1972}
}

@book{Gropp:BeowulfBook,
  author = {William Gropp and Thomas Sterling and Ewing Lusk},
  title = {Beowulf Cluster Computing with Linux},
  edition = {2nd},
  publisher = {MIT Press},
  year = {2003}
}

@incollection{Google:mapreduce,
  author = {Jeffrey Dean and Sanjay Ghemawat},
  title = {{MapReduce}: Simplified data processing on large clusters.},
  booktitle = {OSDI'04: Sixth Symposium on Operating System Design and Implementation},
  year = {2004}
}

@online{Hadoop-wiki,
  author = {Apache},
  title = {Hadoop wiki},
  url = {http://wiki.apache.org/hadoop/FrontPage},
  year = {n.d.}
}

@techreport{Dijkstra:semaphores,
  title = {Cooperating sequential processes},
  author = {Edsger W. Dijkstra},
  url = {http://www.cs.utexas.edu/users/EWD/transcriptions/EWD01xx/EWD123.html},
  publisher = {Technological University, Eindhoven},
  year = {1963}
}

@article{AdveBoehm:memorymodels,
  title = {Memory models: A case for rethinking parallel languages and hardware},
  author = {Sarita~V. Adve and Hans-J. Boehm},
  journal = {Communications of the ACM},
  volume = {53},
  pages = {90--101},
  year = {2010}
}

@book{Chapman2008:OpenMPbook,
  title = {Using {OpenMP}: Portable Shared Memory Parallel Programming},
  author = {Barbara Chapman and Gabriele Jost and Ruud van~der Pas},
  series = {Scientific Computation Series},
  volume = {10},
  publisher = {MIT Press},
  isbn = {9780262533027},
  year = {2008}
}

@book{mpi-reference,
  title = {MPI: The Complete Reference, Volume 1, The MPI-1 Core},
  author = {Marc Snir and Steve Otto and Steven Huss-Lederman and  David Walker and Jack Dongarra},
  publisher = {MIT Press},
  edition = {second edition},
  year = {1998}
}

@book{Gropp:UsingMPI1,
  author = {W.~Gropp and E.~Lusk and A.~Skjellum},
  title = {Using {MPI}},
  publisher = {The MIT Press},
  year = {1994}
}

@book{Gropp:UsingAdvancedMPI,
  title = {Using Advanced {MPI}: {M}odern Features of the {M}essage-{P}assing {I}nterface},
  author = {William Gropp and Torsten Hoefler and Rajeev Thakur and Ewing Lusk},
  publisher = {MIT Press},
  year = {2014}
  
}

@book{Gropp:UsingMPI2,
  author = {William Gropp and Ewing Lusk and Rajeev Thakur},
  title = {Using MPI-2: Advanced Features of the Message-Passing Interface},
  publisher = {MIT Press},
  year = {1999}
}

@book{mpi-ref,
  author = {S.~Otto and J.~Dongarra and S.~Hess-Lederman and M.~Snir and D.~Walker},
  title = {Message Passing Interface: The Complete Reference},
  publisher = {MIT Press},
  year = {1995}

}

@book{mpi-2-reference,
  author = {William Gropp and Steven Huss-Lederman and Andrew Lumsdaine and Ewing Lusk and Bill Nitzberg and William Saphir and Marc Snir},
  title = {{MPI}: The Complete Reference, Volume 2 - The {MPI}-2 Extensions},
  publisher = {MIT Press},
  year = {1998}
}

@article{pvm-1,
  title = {Integrated PVM Framework Supports Heterogeneous Network Computing},
  author = {J.~Dongarra and A.~Geist and R.~Manchek and V.~Sunderam},
  journal = {Computers in Physics},
  volume = {7},
  number = {2},
  year = {1993}
}

@book{pvm-2,
  title = {{PVM}: A Users' Guide and Tutorial for Networked Parallel Computing},
  author = {A.~Geist and A.~Beguelin and J.~Dongarra and W.~Jiang and R.~Manchek and V.~Sunderam},
  publisher = {MIT Press},
  year = {1994}
}

@incollection{charmpp,
  author = {L.V. Kale and S. Krishnan},
  title = {Charm++: Parallel programming with message-driven objects},
  booktitle = {Parallel Programming using C++},
  editors = {G.V. Wilson and P. Lu},
  pages = {175--213},
  publisher = {MIT Press},
  year = {1996}
}

@online{mpi4py:homepage,
  author = {Lisandro Dalcin},
  title = {{MPI} for {P}ython},
  url = {https://mpi4py.bitbucket.io/},
  year = {n.d.}
}

@book{brookshear2008computer,
  title={Computer science: an overview},
  author={Brookshear, J Glenn},
  year={2008},
  publisher={Addison-Wesley Publishing Company}
}

@book{book_key,
	address = {City},
	publisher = {Publisher},
	author = {Smith, John},
	title = {Book title},
	year = {2012},
	volume = {3},
	series = {2},
	edition = {1},
	pages = {123--200},
	month = {1}
}

@article{article_key,
	address = {City},
	publisher = {Publisher},
	author = {Smith, James},
	title = {Article title},
	year = {2013},
	volume = {14},
	number = {6},
	pages = {1--8},
	month = {3}
}
